@article{aquino-2019,
	author = {Aquino, Angelina and Tsang, Joshua Lijandro and Lucas, Crisron Rudolf and de Leon, Franz},
	journal = {2019 International Symposium on Multimedia and Communication Technology (ISMAC)},
	month = {8},
	publisher = {IEEE},
	title = {{G2P and ASR techniques for low-resource phonetic transcription of Tagalog, Cebuano, and Hiligaynon}},
	year = {2019},
	doi = {10.1109/ismac.2019.8836168},
	url = {http://dx.doi.org/10.1109/ismac.2019.8836168},
}
@article{billones-2014,
	author = {Billones, Robert Kerwin C. and Dadios, Elmer P.},
	journal = {2014 International Conference on Humanoid, Nanotechnology, Information Technology, Communication and Control, Environment and Management (HNICEM)},
	month = {11},
	publisher = {IEEE},
	title = {{Hiligaynon language 5-word vocabulary speech recognition using Mel frequency cepstrum coefficients and genetic algorithm}},
	year = {2014},
	doi = {10.1109/hnicem.2014.7016247},
	url = {http://dx.doi.org/10.1109/hnicem.2014.7016247},
}
@article{chan-2015,
	author = {Chan, William and Jaitly, Navdeep and Le, Quoc V. and Vinyals, Oriol},
	journal = {arXiv: Computation and Language},
	month = {8},
	title = {{Listen, Attend and Spell}},
	year = {2015},
}
@article{dimzon-2020,
	author = {Dimzon, Francis D. and Pascual, Ronald M.},
	journal = {2020 IEEE International Conference on Teaching, Assessment, and Learning for Engineering (TALE)},
	month = {12},
	publisher = {IEEE},
	title = {{An Automatic Phoneme Recognizer for Children’s Filipino Read Speech}},
	year = {2020},
	doi = {10.1109/tale48869.2020.9368399},
	url = {http://dx.doi.org/10.1109/tale48869.2020.9368399},
}
@misc{hernandez-2020,
	author = {Hernandez , Jobo},
	month = {10},
	title = {{Literacy rate estimated at 93.8% among 5 year olds or older — PSA}},
	year = {2020},
	url = {https://www.bworldonline.com/economy/2020/10/29/325932/literacy-rate-estimated-at-93-8-among-5-year-olds-or-older-psa/},
}
@article{kipyatkova-2016,
	author = {Kipyatkova, Irina and Karpov, Alexey},
	journal = {Speech and Computer},
	pages = {246--253},
	publisher = {Springer International Publishing},
	title = {{DNN-Based Acoustic Modeling for Russian Speech Recognition Using Kaldi}},
	year = {2016},
	doi = {10.1007/978-3-319-43958-7\{_}29},
	url = {http://dx.doi.org/10.1007/978-3-319-43958-7_29},
}
@article{pascual-2017,
	author = {Pascual, Ronald and Guevara, R.C.},
	journal = {Science Diliman},
	number = {1},
	pages = {5--36},
	title = {{Experiments and Pilot Study Evaluating the Performance of Reading Miscue Detector and Automated Reading Tutor for Filipino: A Children’s Speech Technology for Improving Literacy}},
	volume = {29},
	year = {2017},
	url = {https://journals.upd.edu.ph/index.php/sciencediliman/article/view/5622},
}
@article{povey-2011,
	author = {Povey, Daniel and Ghoshal, Arnab and Boulianne, Gilles and Burget, Lukas and Glembek, Ondrej and Goel, Nagendra Kumar and Hannemann, Mirko and Motlicek, Petr and Qian, Yanmin and Schwarz, Petr and Silovsky, Jan and Stemmer, Georg and Vesely, Karel},
	journal = {IEEE Automatic Speech Recognition and Understanding Workshop},
	month = {1},
	title = {{The Kaldi Speech Recognition Toolkit}},
	year = {2011},
	url = {https://publications.idiap.ch/downloads/papers/2012/Povey_ASRU2011_2011.pdf},
}
@article{rasmussen-2009,
	author = {Rasmussen, Morten Højfeldt and Tan, Zheng-Hua and Lindberg, Børge and Jensen, Søren Holdt},
	journal = {Interspeech 2009},
	month = {9},
	publisher = {ISCA},
	title = {{A system for detecting miscues in dyslexic read speech}},
	year = {2009},
	doi = {10.21437/interspeech.2009-448},
	url = {http://dx.doi.org/10.21437/interspeech.2009-448},
}
@techreport{unicef-2022,
	author = {UNICEF and UNESCO and World Bank},
	month = {3},
	publisher = {UNICEF},
	title = {{Where are we on Education Recovery?}},
	year = {2022},
	url = {},
}
@article{upadhyaya-2017,
	author = {Upadhyaya, Prashant and Farooq, Omar and Abidi, Musiur Raza and Varshney, Yash Vardhan},
	journal = {2017 International Conference on Wireless Communications, Signal Processing and Networking (WiSPNET)},
	month = {3},
	publisher = {IEEE},
	title = {{Continuous hindi speech recognition model based on Kaldi ASR toolkit}},
	year = {2017},
	doi = {10.1109/wispnet.2017.8299868},
	url = {http://dx.doi.org/10.1109/wispnet.2017.8299868},
}
@book{wolfenden-2019,
	author = {Wolfenden, Elmer },
	edition = {Open Access},
	month = {5},
	publisher = { University of Hawaii Press},
	title = {{Hiligaynon Reference Grammar}},
	year = {2019},
	url = {https://core.ac.uk/display/211329359},
}